@book{handy2003planning,
  title={Planning for street connectivity: getting from here to there},
  author={Handy, Susan and Paterson, Robert G and Butler, Kent},
  number={PAS Report No. 515},
  year={2003}
}

@inproceedings{Lecun1998GradientbasedLA,
  title={Gradient-based Learning Applied to Document Recognition},
  author={Yann Lecun and L Eon Bottou and Yoshua Bengio and Patrick Haaner},
  year={1998}
}

@inproceedings{Ioffe2015BatchNA,
  title={Batch Normalization: Accelerating Deep Network Training by Reducing Internal Covariate Shift},
  author={Sergey Ioffe and Christian Szegedy},
  booktitle={ICML},
  year={2015}
}

@article{He2016DeepRL,
  title={Deep Residual Learning for Image Recognition},
  author={Kaiming He and Xiangyu Zhang and Shaoqing Ren and Jian Sun},
  journal={2016 IEEE Conference on Computer Vision and Pattern Recognition (CVPR)},
  year={2016},
  pages={770-778}
}

@inproceedings{He2016IdentityMI,
  title={Identity Mappings in Deep Residual Networks},
  author={Kaiming He and Xiangyu Zhang and Shaoqing Ren and Jian Sun},
  booktitle={ECCV},
  year={2016}
}

@inproceedings{Glorot2010UnderstandingTD,
  title={Understanding the difficulty of training deep feedforward neural networks},
  author={Xavier Glorot and Yoshua Bengio},
  booktitle={AISTATS},
  year={2010}
}

@inproceedings{Krizhevsky2012ImageNetCW,
  title={ImageNet Classification with Deep Convolutional Neural Networks},
  author={Alex Krizhevsky and Ilya Sutskever and Geoffrey E. Hinton},
  booktitle={NIPS},
  year={2012}
}

@article{Simonyan2014VeryDC,
  title={Very Deep Convolutional Networks for Large-Scale Image Recognition},
  author={Karen Simonyan and Andrew Zisserman},
  journal={CoRR},
  year={2014},
  volume={abs/1409.1556}
}

@inproceedings{Krizhevsky2009LearningML,
  title={Learning Multiple Layers of Features from Tiny Images},
  author={Alex Krizhevsky},
  year={2009}
}

@article{He2015DelvingDI,
  title={Delving Deep into Rectifiers: Surpassing Human-Level Performance on ImageNet Classification},
  author={Kaiming He and Xiangyu Zhang and Shaoqing Ren and Jian Sun},
  journal={2015 IEEE International Conference on Computer Vision (ICCV)},
  year={2015},
  pages={1026-1034}
}

@article{Lin2013NetworkIN,
  title={Network In Network},
  author={Min Lin and Qiang Chen and Shuicheng Yan},
  journal={CoRR},
  year={2013},
  volume={abs/1312.4400}
}
